@book{Aulas,
	title        = {Erstaunliche Experimente --- Spielerisch Wissen entdecken},
	author       = {Francois Aulas},
	year         = 1996,
	publisher    = {Bechterm{\"u}nz-Verlag},
	address      = {Augsburg},
}
@book{Berge,
	title        = {Spielzeug im {P}hysik{U}nterricht},
	author       = {Otto Ernst Berge},
	year         = {19??},
	publisher    = {Quelle \& Meyer},
	address      = {Heidelberg},
}
@book{BleichrothDahnckeJung,
	title        = {Fachdidaktik {P}hysik},
	author       = {Wolfgang Bleichroth and Helmut Dahncke and Walter Jung and others},
	year         = 1991,
	publisher    = {Deubner},
	address      = {K\"oln},
}
@book{BornHubscherLochhaas,
	title        = {Querschnitt {P}hysik und {T}echnik},
	author       = {Gernot Born and Heinrich H\"ubscher and Horst Lochhaas},
	year         = 1983,
	publisher    = {Westermann Schulbuchverlag},
	address      = {Braunschweig},
}
@book{Boxer,
	title        = {Teaching Secondary Science - A Complete Guide},
	author       = {Adam Boxer},
	year         = 2021,
	publisher    = {John Catt Educational Ltd.},
	isbn         = {987-1-913622-78-7}
}
@book{Braun,
	title        = {Physikunterricht neu denken},
	author       = {Jan--Peter Braun},
	year         = 1998,
	publisher    = {Verlag Harri Deutsch},
	address      = {Thun, Frankfurt/Main}
}
@article{DuitEnergie,
	title        = {Der {E}nergiebegriff in der {S}chule},
	author       = {Reinders Duit},
	year         = 1980,
	journal      = {Naturwissenschaften im {U}nterricht},
	volume       = {11},
	pages        = {354 -- 358},
	note         = {In W{\"a}rmelehre abgeheftet}
}
@book{DuitHausslerKircher,
	title        = {{U}nterricht {P}hysik},
	author       = {Reinders Duit and Peter H\"aussler and Ernst Kircher},
	year         = 1981,
	publisher    = {Deubner},
	address      = {K\"oln},
}
@book{Dussler,
	title        = {Spiel und Spielzeug im {P}hysik{U}nterricht},
	author       = {G.\ Dussler},
	year         = 1995,
	publisher    = {Stark-Verlagsgesellschaft},
	address      = {Freising},
	note         = {Nachdruck von Verlag O.\ Salle 1933}
}
@book{FeuerleinNaepfelSchaeflein,
	title        = {{P}hysik 3},
	author       = {Rainer Feuerlein and Helmut Naepfel and Horst Schaeflein},
	year         = 1990,
	publisher    = bsv,
	address      = {M\"unchen},
}
@book{JankMeyer,
	title        = {Didaktische Modelle},
	author       = {Werner Jank and Hilbert Meyer},
	year         = 2021,
	publisher    = {Cornelsen},
	address      = {Berlin},
	isbn         = {987-3-589-21566-9}
}
@book{JankMeyer,
	title        = {Didaktische Modelle},
	author       = {Werner Jank und Hilbert Meyer},
	year         = 2021,
	publisher    = {Cornelsen},
	address      = {Berlin},
	isbn         = {987-3-589-21566-9}
}
@book{Joerger,
	title        = {Einf{\"u}hrung in die Lernpsychologie},
	author       = {Konrad Joerger},
	year         = 1976,
	publisher    = {Herder Verlag},
	address      = {Freiburg},
}
@book{JPMeyn,
  title = {{Grundlegende Experimentiertechnik im Physikunterricht}},
  author = {Meyn, Jan-Peter},
  year = {2013},
  edition = {2., aktualisierte Auflage},
  publisher = {Oldenbourg Verlag},
  address = {M{\"u}nchen},
  abstract = {Meyn stellt Experimentiertechniken und Experimente f{\"u}r einen anspruchsvollen Physik-Unterricht in der Sekundarstufe II vor. Dabei beschreibt er jeweils sehr genau die technischen Details bzw. die Versuchsabl{\"a}ufe, gibt auch Hinweise f{\"u}r technischen Optimierungen und macht Vorschl{\"a}ge f{\"u}r den Unterrichtseinsatz. Eine gelungene Praxishilfe f{\"u}r Referendare und f{\"u}r Physik-Lehrer, jetzt durchgehend {\"u}berarbeitet und auch mit einigen neuen Themen (1. Auflage: ID-B 25/11). (2 S)},
  isbn = {978-3-486-71624-5},
  langid = {ngerman},
  file = {/Users/juliushlawatsch/Zotero/storage/N4XT9EQJ/Meyn - 2013 - Grundlegende Experimentiertechnik im Physikunterri.pdf}
}

@book{KircherGirwidzHaussler1,
	title        = {Physikdidaktik, Grundlagen},
	author       = {Ernst Kircher and Raimund Girwidz and Peter H\"{a}u{\ss}ler},
	year         = 2020,
	publisher    = {Springer Spektrum},
	address      = {Berlin},
	edition      = 4
}
@book{KircherGirwidzHaussler2,
	title        = {Physikdidaktik | Methoden und Inhalte},
	author       = {Ernst Kircher and Raimund Girwidz and Peter H\"{a}u{\ss}ler},
	year         = 2020,
	publisher    = {Springer Spektrum},
	address      = {Berlin},
	edition      = 4
}
@book{KircherGirwidzHaussler3,
	title        = {Physikdidaktik --- Theorie und Praxis},
	author       = {Ernst Kircher and Raimund Girwidz and Peter H\"{a}u{\ss}ler},
	year         = 2007,
	publisher    = Springer,
	address      = {Berlin},
}
@book{KircherSchneider,
	title        = {Physikdidaktik in der Praxis},
	year         = 2002,
	publisher    = Springer,
	address      = {Berlin},
	editor       = {Ernst Kircher and Werner B.\ Schneider}
}
@book{KnoffHoff1,
	title        = {Das KnoffHoff-Buch zur ZDF Fernsehserie},
	author       = {Joachim Bublath},
	year         = 1989,
	publisher    = {Heyne-Verlag},
	address      = {M{\"u}nchen},
}
@book{KnoffHoff2,
	title        = {100 mal KnoffHoff},
	author       = {Joachim Bublath},
	year         = 1995,
	publisher    = {Heyne-Verlag},
	address      = {M{\"u}nchen},
	series       = {Heyne-Sachbuch},
	volume       = 19,
}
@book{LabuddeATP,
	title        = {Alltagsphysik},
	author       = {Peter Labudde},
	year         = 1996,
	publisher    = {D\"{u}mmler},
	address      = {Bonn},
	note         = {82/UB 4053 L127(3)},
	ubei         = {82/UB 4053 L127(3)}
}
@book{LabuddeEWP,
	title        = {Erlebniswelt Physik},
	author       = {Peter Labudde},
	year         = 1993,
	publisher    = {D\"{u}mmler},
	address      = {Bonn},
	note         = {82/UB 4049 L127},
	ubei         = {82/UB 4049 L127}
}
@book{LambuddeMetzger,
  title = {{Fachdidaktik Naturwissenschaft: 1.- 9. Schuljahr}},
  shorttitle = {{Fachdidaktik Naturwissenschaft}},
  editor = {Labudde, Peter and Metzger, Susanne},
  year = {2019},
  month = aug,
  edition = {3},
  publisher = {utb GmbH},
  address = {Stuttgart, Deutschland},
  doi = {10.36198/9783838552071},
  urldate = {2024-08-22},
  abstract = {Konkrete Unterrichtsbeispiele und fachdidaktische Tipps -- ,,Fachdidaktik Naturwissenschaft`` enth{\"a}lt beides: Pro Doppelseite wird jeweils links die naturwissenschaftsdidaktische Theorie vorgestellt, w{\"a}hrend rechts entsprechende unterrichtspraktische Umsetzungsm{\"o}glichkeiten pr{\"a}sentiert werden. In 18 Kapiteln werden zentrale fachdidaktische Themen f{\"u}r die Praxis aufgearbeitet.},
  isbn = {978-3-8385-5207-1},
  langid = {ngerman}
}

@book{Lindenblatt,
	title        = {Naturwissenschaftliche Versuche zum Sach{U}nterricht},
	author       = {Felix Lindenblatt},
	year         = {19??},
	publisher    = {Phywe Lehrmittel},
	note         = {Band 1: W{\"a}rme, Band 2: Magnetismus --- Elektrischer Strom, Band 3: Wippe/Waage --- Wasser, Band 4: Licht --- Schall --- Luft --- Feuer.}
}
@book{MelenkRunge,
	title        = {Verbl{\"u}ffende {P}hysikalische Experimente},
	author       = {Melenk and Runge},
	year         = {19??},
	publisher    = Deubner,
	address      = {K{\"o}ln},
}
@book{MeyerSchmidt,
	title        = {Formeln Tabellen Wissenswertes},
	author       = {Lothar Meyer and Gerd-Dietrich Schmidt},
	year         = 1996,
	publisher    = {paetec Gesellschaft f{\"u}r Bildung und Technik mbH},
	address      = {Berlin},
}
@book{MeyerUMP,
	title        = {{U}nterrichtsMethoden, Band II: Praxisband},
	author       = {Hilbert Meyer and Carola Junghans},
	year         = 2021,
	publisher    = {Cornelsen},
	address      = {Berlin},
}
@book{MeyerUMT,
	title        = {{U}nterrichtsMethoden, Band I: Theorieband},
	author       = {Hilbert Meyer and Carola Junghans},
	year         = 2022,
	publisher    = {Cornelsen},
	address      = {Berlin},
}
@book{Muckenfuss,
	title        = {Lernen im sinnstiftenden Kontext},
	author       = {Heinz Muckenfu{\ss}},
	year         = 1995,
	publisher    = {Cornelsen},
	address      = {Berlin},
	note         = {82/UB 4049 M942}
}
@book{Ploeger,
	title        = {Forschender {P}hysik{U}nterricht},
	author       = {Wilfried Pl{\"o}ger},
	year         = 1983,
	publisher    = {Michael Pr{\"o}gel Verlag},
	address      = {Ansbach},
}
@book{Reble1,
	title        = {Geschichte der P{\"a}dagogik, Band 1},
	author       = {Albert Reble},
	year         = {19??},
	publisher    = Klett,
	address      = {Stuttgart},
}
@book{Reble2,
	title        = {Geschichte der P{\"a}dagogik, Dokumentarband},
	author       = {Albert Reble},
	year         = {???},
	publisher    = Klett,
	address      = {Stuttgart},
}
@book{Schecker,
  title = {{Sch{\"u}lervorstellungen und Physikunterricht: Ein Lehrbuch f{\"u}r Studium, Referendariat und Unterrichtspraxis}},
  shorttitle = {{Sch{\"u}lervorstellungen und Physikunterricht}},
  editor = {Schecker, Horst and Wilhelm, Thomas and Hopf, Martin and Duit, Reinders},
  year = {2018},
  publisher = {Springer Berlin Heidelberg},
  address = {Berlin, Heidelberg},
  urldate = {2024-08-22},
  copyright = {https://www.springernature.com/gp/researchers/text-and-data-mining},
  isbn = {978-3-662-57269-6 978-3-662-57270-2},
  langid = {ngerman},
  file = {/Users/juliushlawatsch/Zotero/storage/EZY3KYSQ/Schecker et al. - 2018 - Sch체lervorstellungen und Physikunterricht Ein Leh.pdf}
}

@book{WagenscheinNSV,
	AUTHOR = {Wagenschein, Martin},
	YEAR = {2009},
	TITLE = {Naturph채nomene sehen und verstehen - genetische Lehrg채nge : das Wagenschein-Studienbuch},
	EDITION = {},
	ISBN = {978-3-035-51014-0},
	PUBLISHER = {hep der bildungsverlag},
	ADDRESS = {Bern },
}
@book{WagenscheinPDP,
	AUTHOR = {Wagenschein, Martin},
	YEAR = {1971},
	TITLE = {Die p채dagogische Dimension der Physik},
	EDITION = {},
	ISBN = {978-3-141-60159-6},
	PUBLISHER = {Westermann},
	ADDRESS = {Braunschweit},
}
@book{WegeinderPhysikdidaktik4,
	title        = {Wege in der {P}hysik-Didaktik},
	year         = 1998,
	publisher    = {Palm \& Enke},
	address      = {Erlangen},
	volume       = 4,
	editor       = {Werner B.\ Schneider}
}
@book{Wilhelm,
  title = {{Unterrichtskonzeptionen f{\"u}r den Physikunterricht: Ein Lehrbuch f{\"u}r Studium, Referendariat und Unterrichtspraxis}},
  shorttitle = {{Unterrichtskonzeptionen f{\"u}r den Physikunterricht}},
  editor = {Wilhelm, Thomas and Schecker, Horst and Hopf, Martin},
  year = {2021},
  publisher = {Springer Berlin Heidelberg},
  address = {Berlin, Heidelberg},
  urldate = {2024-08-22},
  copyright = {https://www.springer.com/tdm},
  isbn = {978-3-662-63052-5 978-3-662-63053-2},
  langid = {ngerman},
  file = {/Users/juliushlawatsch/Zotero/storage/KY6GE22A/Wilhelm et al. - 2021 - Unterrichtskonzeptionen f체r den Physikunterricht .pdf}
}

@book{Willer,
	title        = {Didaktik des {P}hysikunterichts},
	author       = {J{\"o}rg Willer},
	year         = 2003,
	publisher    = {Verlag Harri Deutsch},
	address      = {Frankfurt a.\ Main},
	note         = {82 UB 4056 W 712},
	ubei         = {82 UB 4056 W 712}
}
@book{ZeierKW,
	title        = {Kurzweil durch {P}hysik},
	author       = {Ernst Zeier},
	year         = 1991,
	publisher    = Deubner,
	address      = {K{\"o}ln},
}

@book{Bloom,
  title = {Taxonomy of Educational Objectives: {{The}} Classification of Educational Goals. {{Handbook I}}: {{Cognitive}} Domain},
  author = {Bloom, Benjamin S. and Engelhart, Max D. and Furst, Edward J. and Hill, Walker H. and Krathwohl, David R.},
  year={1956},
  file = {/Users/juliushlawatsch/Zotero/storage/ZGW3AJNL/Benjamin S. Bloom - Taxonomy of Educational Objectives, Handbook 1_ Cognitive Domain-Addison Wesley Publishing Company (1956).pdf}
}

@article{Krathwohl,
  title = {A Revision of Bloom's Taxonomy: {{An}} Overview},
  shorttitle = {A Revision of Bloom's Taxonomy},
  author = {Krathwohl, David R.},
  year = {2002},
  journal = {Theory Into Practice},
  volume = {41},
  number = {4},
  eprint = {1477405},
  eprinttype = {jstor},
  pages = {212--218},
  publisher = {Taylor \& Francis, Ltd.},
  issn = {0040-5841},
  urldate = {2024-08-14},
  file = {/Users/juliushlawatsch/Zotero/storage/XY9TJKS8/Krathwohl - 2002 - A Revision of Bloom's Taxonomy An Overview.pdf}
}

@incollection{Gagne,
  title = {The {{Analysis}} of {{Instructional Objectives}} for the {{Desifn}} of {{Instruction}}},
  booktitle = {Teaching {{Machines}} and {{Programmed Learning}}. {{Data}} and {{Directions}}},
  author = {Gagn{\'e}, Robert M.},
  volume = {2},
  year = {1965},
  address = {Washington, D.C},
  urldate = {2024-08-14},
  file = {/Users/juliushlawatsch/Zotero/storage/C9D5M3Z6/ED028638.pdf}
}

@misc{KMK,
  title = {Bildungsstandards Im {{Fach Pysik}} F{\"u}r Den {{Mittleren Schulabschluss}}},
  author = {KMK},
  year = {2004},
  month = dec,
  urldate = {2024-08-14},
}

@misc{KMKneu,
	title = {Weiterentwickelte Bildungsstandards in den Naturwissenschaften
f체r das Fach Physik (MSA)},
	author = {KMK},
	year = {2024},
	month = jun
}

@book{Weinert,
  title = {{Leistungsmessungen in Schulen}},
  editor = {Weinert, Franz E.},
  year = {2014},
  series = {{P{\"a}dagogik}},
  edition = {3., aktualisierte Aufl},
  publisher = {Beltz},
  address = {Weinheim Basel},
  isbn = {978-3-407-29318-3 978-3-407-25690-4},
  langid = {german},
}

@article{Kattmann,
  title = {Das {{Modell}} der {{Didaktischen Rekonstruktion}} - {{Ein Rahmen}} f{\"u}r naturwissenschaftsdidaktische {{Forschung}} und {{Entwicklung}}.},
  author = {Kattmann, Ulrich and Duit, Reinders and Gropengie{\ss}er, Harald and Komorek, Michael},
  year = {1997},
  journal = {Zeitschrift f{\"u}r Didaktik der Naturwissenschaften},
  volume = {Jg. 3},
  number = {Heft 3},
  pages = {3--18},
  file = {/Users/juliushlawatsch/Zotero/storage/WESD5ARR/S.3-18_Kattmann_Duit_Gropengiesser_Komorek_97_H3-2.pdf}
}



@BOOK{Stoecker,
       AUTHOR = {Horst St{\"o}cker},
       TITLE = {Taschenbuch {P}hysik},
       PUBLISHER = {Verlag Harri Deutsch},
       YEAR = 1998,
       ADDRESS = {Thun -- Frankfurt/Main},
       NOTE = {}       }

@BOOK{Koeck,
       AUTHOR = {Peter K{\"o}ck and Hanns Ott},
       TITLE = {W{\"o}rterbuch f{\"u}r {E}rziehung und {U}nterricht},
       PUBLISHER = {Auer},
       YEAR = {1997},
       ADDRESS = {Donauw{\"o}rth},
       UBEI = { 80 DB 2000 K77 (6)},
       NOTE = { 80 DB 2000 K77 (6)}       }

@inBOOK{Klieme,
	author = {Klieme, Eckhard},
	editors = {Harring, Marius AND Rohlfs, Carsten AND Gl채ser-Zikuda, Michaela},
	YEAR = {2022},
	title = {Unterrichtsqualit채t},
	bookTITLE = {Handbuch Schulp채dagogik},
	pages = {393-408},
	EDITION = {},
	ISBN = {978-3-825-28796-2},
	PUBLISHER = {UTB},
	ADDRESS = {Parderborn, M체nchen},
}

@BOOK{Nachtigall,
	AUTHOR = {Nachtigall, Dieter},
	YEAR = {1987},
	TITLE = {Skizzen zur Physikdidaktik},
	EDITION = {},
	ISBN = {978-3-820-49656-7},
	PUBLISHER = {Lang},
	ADDRESS = {Frankfurt am Main},
}

@article{MichelskisSeifertThieleW체nscher,
  author          = {Michelskis-Seifert, Silke AND Thiele, Marco AND W체nscher, Thilo},
  journal         = {Physik und Didaktik in der Schule und Hochschule},
  number          = {4},
  title           = {Modellieren -- Schl체sself채higkeit f체r physikalische Forschungs- und Lernprozesse},
  volume          = {1},
  year            = {2005},
  pages 		  = {30--45}
}

@book{Ausubel,
  title = {The Psychology of Meaningful Verbal Learning: An Introduction to School Learning},
  shorttitle = {The Psychology of Meaningful Verbal Learning},
  author = {Ausubel, David Paul},
  year = {1963},
  publisher = {Grune \& Stratton},
  address = {New York},
  isbn = {978-0-8089-0025-2},
  langid = {english},
  annotation = {OCLC: 183907}
}

@incollection{kircherPlanungUndAnalyse2015,
  title = {{Planung und Analyse von Physikunterricht}},
  booktitle = {{Physikdidaktik}},
  author = {Kircher, Ernst},
  editor = {Kircher, Ernst and Girwidz, Raimund and H{\"a}u{\ss}ler, Peter},
  year = {2015},
  pages = {295--319},
  publisher = {Springer Berlin Heidelberg},
  address = {Berlin, Heidelberg},
  doi = {10.1007/978-3-642-41745-0_8},
  urldate = {2024-08-22},
  isbn = {978-3-642-41744-3 978-3-642-41745-0},
  langid = {ngerman}
}

@book{Klippert,
  title = {{Eigenverantwortliches Arbeiten und Lernen: Bausteine f{\"u}r den Fachunterricht}},
  shorttitle = {{Eigenverantwortliches Arbeiten und Lernen}},
  author = {Klippert, Heinz and Clemens, Erich},
  year = {2007},
  series = {{Praxis Beltz}},
  edition = {5., unver{\"a}nd. Aufl},
  publisher = {Beltz},
  address = {Weinheim Basel},
  abstract = {100 Lernarrangements/Lernspiralen zum eigenverantwortlichen Arbeiten und Lernen im Fachunterricht. -- So k{\"o}nnen Lehrkr{\"a}fte mit relativ einfachen Mitteln eine h{\"o}chst vielgestaltige und effektive Unterrichtsmethodik auf die Beine stellen. Damit ist gew{\"a}hrleistet, dass grundlegende Arbeits-, Kommunikations- und Kooperationstechniken gepflegt werden. -- Sch{\"u}lerinnen und Sch{\"u}ler lernen, selbstst{\"a}ndig und planvoll Aufgaben und Probleme zu l{\"o}sen, Verantwortung zu {\"u}bernehmen und Eigeninitiative zu zeigen, Wissen gekonnt zu erwerben und sinnf{\"a}llig zu strukturieren, moderne Medien zu nutzen und gezielt zu recherchieren, in Gruppen zu arbeiten und {\"u}berzeugend zu pr{\"a}sentieren},
  isbn = {978-3-407-62585-4},
  langid = {german},
  file = {/Users/juliushlawatsch/Zotero/storage/ASHW2E78/Klippert und Clemens - 2007 - Eigenverantwortliches Arbeiten und Lernen Baustei.pdf}
}

@book{Landherr,
  title = {{SOL - Selbstorganisiertes Lernen: systematische Kompetenzentwicklung in einer komplexen Welt}},
  shorttitle = {{SOL - Selbstorganisiertes Lernen}},
  author = {Landherr, Birgit and B{\"u}rger, Manfred},
  year = {2019},
  edition = {3., {\"u}berarbeitete Auflage},
  publisher = {Schneider Verlag Hohengehren},
  address = {Baltmannsweiler},
  abstract = {Dieses Buch wendet sich an Lehrende in Aus- und Weiterbildung, an Verantwortliche in Schulverwaltungen und in der Lehrerbildung, an Beratende und alle, die bereit sind, Unterricht neu zu denken. ({\dots}) SOL wird von uns als systemischer Ansatz f{\"u}r innovativen Unterricht verstanden, der neben einer fundierten Vermittlung von Fachwissen als daf{\"u}r entscheidende Ziele und Wege selbst{\"a}ndiges, eigenverantwortliches und aktives Lernen anstrebt. Projekt- und interessegeleitetes Lernen statt blo{\ss}er Vermittlung vorgegebenen Wissens geh{\"o}ren zu SOL, aber auch eine Methodenvielfalt zur F{\"o}rderung neuer Lernweisen. Erkenntnisse der Lernforschung werden ber{\"u}cksichtigt},
  isbn = {978-3-8340-1916-5},
  langid = {german},
  file = {/Users/juliushlawatsch/Zotero/storage/Z357JHNK/Landherr und B체rger - 2019 - SOL - Selbstorganisiertes Lernen systematische Ko.pdf}
}

@article{DeciRyan,
  title = {The "{{What}}" and "{{Why}}" of {{Goal Pursuits}}: {{Human Needs}} and the {{Self-Determination}} of {{Behavior}}},
  shorttitle = {The "{{What}}" and "{{Why}}" of {{Goal Pursuits}}},
  author = {Deci, Edward L. and Ryan, Richard M.},
  year = {2000},
  month = oct,
  journal = {Psychological Inquiry},
  volume = {11},
  number = {4},
  pages = {227--268},
  issn = {1047-840X, 1532-7965},
  doi = {10.1207/S15327965PLI1104_01},
  urldate = {2024-06-07},
  langid = {english},
  keywords = {read},
  file = {/Users/juliushlawatsch/Zotero/storage/8JYJEETB/Deci und Ryan - 2000 - The What and Why of Goal Pursuits Human Needs.pdf}
}

@book{Hattie,
  title = {{Lernen sichtbar machen}},
  author = {Hattie, John},
  editor = {Beywl, Wolfgang and Zierer, Klaus},
  year = {2020},
  edition = {5. unver{\"a}nderte Auflage, erweitere Auflage mit Index und Glossar},
  publisher = {Schneider Verlag Hohengehren GmbH},
  address = {Baltmannsweiler},
  abstract = {Der in Australien lehrende Erziehungswissenschaftler beschreibt detailliert die Faktoren, die mit den Lernleistungen der Sch{\"u}ler interagieren und zieht Schl{\"u}sse f{\"u}r eine wirksame Gestaltung der Schule sowie f{\"u}r einen guten Unterricht. (LK/DU: Heckmann)},
  isbn = {978-3-8340-1450-4},
  langid = {german}
}

@article{piko4,
	title = {Merkmale ,,guten'' Physikunterrichts},
	author = {Duit, Reinders AND Wodzinski, Christoph T.},
	year = {2010},
	journal = {PIKO-Brief},
	number = {4}
}